
@InProceedings{Duval1988,
  Title                    = {La Messe, la Cène et le voyage sans fin du Quart Livre},
  Author                   = {Duval, Edwin},
  Booktitle                = {Rabelais en son demi-millénaire},
  Year                     = {1988}
}
